@misc{roxtomar2021filetransfer,
  author = {{Nikhil RoxTomar}},
  title = {{File Transfer Using TCP Socket in Python3}},
  year = {2021},
  howpublished = {\url{https://nikhilroxtomar.medium.com/file-transfer-using-tcp-socket-in-python3-idiot-developer-c5cf3899819c}},
}